@misc{phet_2002,
	title = {PHET},
	url = {https://phet.colorado.edu},
	urldate = {2021-04-18},
	author = {Wieman, Carl},
	year = {2002}
}

@misc{webgl_2017,
	title = {WebGL},
	url = {https://webgl2fundamentals.org/},
	urldate = {2021-04-18},
	author = {},
	year = {2017}
}

@misc{strom2017immersive,
  title={Immersive linear algebra},
  author={Str{\"o}m, Jacob and {\AA}str{\"o}m, Kalle and Akenine-M{\"o}ller, Tomas},
  year={2017},
  publisher={ImmersiveMath. com}
}

@article{Voss_Nunes_Herpich_Medina_2015, 
    place={Campinas, SP},
    title={Ambientes Virtuais de Aprendizagem e Ambientes Imersivos: um estudo de caso utilizando tecnologias de computação móvel e web viewers},
    volume={2},
    url={https://econtents.bc.unicamp.br/inpec/index.php/tsc/article/view/14448},
    number={1},
    journal={Tecnologias, Sociedade e Conhecimento}, author={Voss, Gleizer Bierhalz and Nunes, Felipe Becker and Herpich, Fabrício and Medina, Roseclea Duarte}, year={2015},
    month={nov.},
    pages={24–42}
}

@inproceedings{klawe1999computer,
  title={Computer games, education and interfaces: The E-GEMS project},
  author={Klawe, M},
  booktitle={Graphics interface},
  pages={36--39},
  year={1999}
}

@incollection{kincaid2003simulation,
  title={Simulation in education and training},
  author={Kincaid, J Peter and Hamilton, Roger and Tarr, Ronald W and Sangani, Harshal},
  booktitle={Applied system simulation},
  pages={437--456},
  year={2003},
  publisher={Springer}
}

@article{voss2014tcn5,
  title={TCN5-Teaching Computer Networks In a Free Immersive Virtual Environment},
  author={Voss, Gleizer Bierhalz and others},
  year={2014},
  publisher={Universidade Federal de Santa Maria}
}

@article{rauen2003abordagem,
  title={Uma abordagem alternativa para ensino de redes de computadores},
  author={Rauen, T{\^a}nia Regina Schoeninger and others},
  year={2003},
  publisher={Florian{\'o}polis, SC}
}

@article{felder1988learning,
  title={Learning and teaching styles in engineering education},
  author={Felder, Richard M and Silverman, Linda K and others},
  journal={Engineering education},
  volume={78},
  number={7},
  pages={674--681},
  year={1988},
  publisher={North Carolina}
}

@incollection{drachsler2015panorama,
  title={Panorama of recommender systems to support learning},
  author={Drachsler, Hendrik and Verbert, Katrien and Santos, Olga C and Manouselis, Nikos},
  booktitle={Recommender systems handbook},
  pages={421--451},
  year={2015},
  publisher={Springer}
}

@inproceedings{aguiar2018recomendaccao,
  title={Recomenda{\c{c}}{\~a}o de Objetos de Aprendizagem utilizando Filtragem Colaborativa baseada em Tend{\^e}ncias e em Estilos de Aprendizagem},
  author={Aguiar, Janderson and Fechine, Joseana and Costa, Evandro},
  booktitle={Brazilian Symposium on Computers in Education (Simp{\'o}sio Brasileiro de Inform{\'a}tica na Educa{\c{c}}{\~a}o-SBIE)},
  volume={29},
  number={1},
  pages={1423},
  year={2018}
}
